@misc{BENES2017,
  author        = {Beneš, M.},
  title         = {Numerická matematika 2},
  year          = {2017},
  howpublished={Fakulta jaderná a fyzikálně inženýrská Českého vysokého učení technického v Praze (FJFI ČVUT)}
}

