@book{VIRIUS2010,
  title={Metoda Monte Carlo},
  author={Virius, M.},
  isbn={9788001045954},
  series={Skripta},
  year={2010},
  publisher={České vysoké učení technické}
}
